@online{oidcConfigPresentation,
author = {Martin Kuba},
title = {Jak připojit službu přes OIDC},
url = {https://homeproj.cesnet.cz/attachments/download/3051/06_-_jak_pripojit_sluzbu_pres_oidc.pptx},
organization = {CESNET},
date = {2018-03-06},
urldate = {2019-03-10},
year={2018},
month={Březen},
howpublished = "\url{https://homeproj.cesnet.cz/attachments/download/3051/06_-_jak_pripojit_sluzbu_pres_oidc.pptx}"
}

@online{perunPresentation,
author = {Michal Procházka},
title = {Perun a Proxy IdP},
url = {https://homeproj.cesnet.cz/attachments/download/3049/04_-_perun_a_proxy_idp.pptx},
organization = {CESNET},
date = {2018-03-06},
urldate = {2019-03-10},
year={2018},
month={Březen},
year={2018},
month={Březen},
howpublished = "\url{https://homeproj.cesnet.cz/attachments/download/3049/04_-_perun_a_proxy_idp.pptx}"
}

@online{oidcPresentation,
author = {Martin Kuba},
title = {OpenID Connect},
url = {https://homeproj.cesnet.cz/attachments/download/3047/03_-_oidc_authz.pptx},
organization = {CESNET},
date = {2018-03-06},
urldate = {2019-03-10},
year={2018},
month={Březen},
howpublished = "\url{https://homeproj.cesnet.cz/attachments/download/3047/03_-_oidc_authz.pptx}"
}

@online{proxyIdpPresentation,
title = {Proxy IdP v CESNET eInfrastruktuře},
url = {https://homeproj.cesnet.cz/attachments/download/3046/02_-_proxy_idp_v_cesnet_einfrastrukture.pptx},
organization = {CESNET},
date = {2018-03-06},
urldate = {2019-03-10},
author = {Jiří Bořík},
year={2018},
month={Březen},
howpublished = "\url{https://homeproj.cesnet.cz/attachments/download/3046/02_-_proxy_idp_v_cesnet_einfrastrukture.pptx}"

}


@techreport{rfc8259,
  author = {T. Bray, Ed.},
  title = {The JavaScript Object Notation (JSON) Data Interchange Format},
  howpublished = {Internet Requests for Comments},
  type = {RFC},
  number = 8259,
  year = {2017},
  month = {December},
  issn = {2070-1721},
  publisher = {RFC Editor},
  institution = {RFC Editor},
  url = {https://tools.ietf.org/rfc/rfc8259.txt}
}

@techreport{rfc1321,
  author = {R. Rivest},
  title = {The MD5 Message-Digest Algorithm},
  howpublished = {Internet Requests for Comments},
  type = {RFC},
  number = 1321,
  year = {1992},
  month = {April},
  publisher = {RFC Editor},
  institution = {RFC Editor},
  url = {https://tools.ietf.org/rfc/rfc1321.txt}
}

@techreport{rfc6749,
  author = {D. Hardt, Ed.},
  title = {The OAuth 2.0 Authorization Framework},
  howpublished = {Internet Requests for Comments},
  type = {RFC},
  number = 6749,
  year = {2012},
  month = {October},
  issn = {2070-1721},
  publisher = {RFC Editor},
  institution = {RFC Editor},
  url = {https://tools.ietf.org/rfc/rfc6749.txt}
}

@techreport{rfc7519,
  author = {M. Jones},
  title = {JSON Web Token (JWT)},
  howpublished = {Internet Requests for Comments},
  type = {RFC},
  number = 7519,
  year = {2015},
  month = {May},
  issn = {2070-1721},
  publisher = {RFC Editor},
  institution = {RFC Editor},
  url = {https://tools.ietf.org/rfc/rfc7519.txt}
}


@techreport{rfc4648,
  author = {S. Josefsson},
  title = {The Base16, Base32, and Base64 Data Encodings},
  howpublished = {Internet Requests for Comments},
  type = {RFC},
  number = 4648,
  year = {2006},
  month = {October},
  publisher = {RFC Editor},
  institution = {RFC Editor},
  url = {https://tools.ietf.org/rfc/rfc4648.txt}
}


@techreport{rfc4868,
  author = {S. Kelly},
  title = {sing HMAC-SHA-256, HMAC-SHA-384, and HMAC-SHA-512 with IPsec},
  howpublished = {Internet Requests for Comments},
  type = {RFC},
  number = 4868,
  year = {2007},
  month = {May},
  publisher = {RFC Editor},
  institution = {RFC Editor},
  url = {https://tools.ietf.org/rfc/rfc4868.txt}
}

@techreport{rfc6711,
  author = {L. Johansson},
  title = {An IANA Registry for Level of Assurance (LoA) Profiles},
  howpublished = {Internet Requests for Comments},
  type = {RFC},
  number = 6711,
  year = {2012},
  month = {August},
  issn = {2070-1721},
  publisher = {RFC Editor},
  institution = {RFC Editor},
  url = {https://tools.ietf.org/rfc/rfc6711.txt}
}

@techreport{rfc2141,
  author = {R. Moats},
  title = {URN Syntax},
  howpublished = {Internet Requests for Comments},
  type = {RFC},
  number = 2141,
  year = {1997},
  month = {May},
  publisher = {RFC Editor},
  institution = {RFC Editor},
  url = {https://tools.ietf.org/rfc/rfc2141.txt}
}

@book {zend,
  author    = {Marian Böhmer},
  date      = {2010},
  title     = {Zend Framework},
  edition   = {1},
  publisher = {COMPUTER PRESS},
  pagetotal = {416},
  isbn      = {978-8025145340}
}